@article{spider,
  author    = {Vibhaalakshmi Sivaraman and
               Shaileshh Bojja Venkatakrishnan and
               Mohammad Alizadeh and
               Giulia C. Fanti and
               Pramod Viswanath},
  title     = {Routing Cryptocurrency with the Spider Network},
  journal   = {CoRR},
  volume    = {abs/1809.05088},
  year      = {2018},
  url       = {http://arxiv.org/abs/1809.05088},
  archivePrefix = {arXiv},
  eprint    = {1809.05088},
  timestamp = {Fri, 05 Oct 2018 11:34:52 +0200},
  biburl    = {https://dblp.org/rec/bib/journals/corr/abs-1809-05088},
  bibsource = {dblp computer science bibliography, https://dblp.org}
}

@article{TODO:bitcoin,
  author    = {}
  title     = {}
}

@article{TODO:chainalysis,
  author    = {}
  title     = {}
}

@article{TODO:coinjoin,
  author    = {}
  title     = {}
}

@article{TODO:anticoinjoin,
  author    = {}
  title     = {}
}

@article{TODO:zcash,
  author    = {}
  title     = {}
}

@article{TODO:snarks,
  author    = {}
  title     = {}
}

@article{TODO:softfork,
  author    = {}
  title     = {}
}

@article{TODO:qap,
  author    = {}
  title     = {}
}

@article{TODO:segwit,
  author    = {}
  title     = {}
}

@article{TODO:taproot,
  author    = {}
  title     = {}
}
